@Misc{www-h2o,
  author = {web},
  title        = {H2O},
  howpublished = {Web},
  timestamp    = {},
  Url = {https://www.h2o.ai/h2o/}
}


@Misc{www-dremel,
  author = {melnik,andrey,jlong,gromer,shiva,mtolton,theov},
  title        = {Dremel: Interactive analysis of webscale datasets},
  howpublished = {Web},
  timestamp    = {2010},
  Url = {https://static.googleusercontent.com/media/research.google.com/en//pubs/archive/36632.pdf}


@Misc{www-genomics,
  author = {Google},
  title        = {Google Genomics},
  howpublished = {Web},
  timestamp    = {},
  Url = {https://cloud.google.com/genomics/}
}





@Misc{www-google-vision,
  author = {Google},
  title        = {Google Vision API},
  howpublished = {Web},
  timestamp    = {},
  Url = {https://https://cloud.google.com/vision/}
}



@Misc{www-google-spanner,
  author = {Google},
  title        = {Google Spanner},
  howpublished = {Web},
  timestamp    = {},
  Url = {https://cloud.google.com/spanner/}
}

