@Inbook{hid-sp18-523-Domo,
    author = "Web",
    title = "Domo",
    url = "https://www.domo.com",
}

@Inbook{hid-sp18-523-Domo-Connector,
    author = "Web",
    title = "Domo",
    url = "https://developer.domo.com/docs/custom-connectors/connector-dev-studio",
}

@Inbook{hid-sp18-523-Dev,
    author = "Web",
    title = "Domo",
    url = "https://developer.domo.com/docs/dev-studio/dev-studio-quickstart",
}

@Inbook{hid-sp18-523-Authticate,
    author = "Web",
    title = "Domo",
    url = "https://developer.domo.com/docs/authentication/overview-4",
}

@Inbook{hid-sp18-523-DataApi,
    author = "Web",
    title = "Domo",
    url = "https://developer.domo.com/docs/dev-studio-references/data-api",
}

@Inbook{hid-sp18-523-User,
    author = "Web",
    title = "Domo",
    url = "https://developer.domo.com/docs/dev-studio-references/user-api",
}


