@Inbook{hid-sp18-523-Domo,
    author = {Web},
    title = {Domo},
    url = {https://www.domo.com}
}

@Inbook{hid-sp18-523-Dev,
    author = {Web},
    title = {Domo},
    url = {https://developer.domo.com/docs/dev-studio/dev-studio-quickstart}
}

